\usepackage[utf8]{inputenc}

@article{huijser,
  title={Properties of the Affine Invariant Ensemble Sampler in High Dimensions},
  author={Huijser, David and Goodman, Jesse and Brewer, Brendon J},
  journal={arXiv preprint arXiv:1509.02230},
  year={2015}
}

@article{emcee,
  title={\pkg{emcee}: The MCMC Hammer},
  author={Foreman-Mackey, Daniel and Hogg, David W and Lang, Dustin and Goodman, Jonathan},
  journal={Publications of the Astronomical Society of the Pacific},
  volume={125},
  number={925},
  pages={306},
  year={2013},
  publisher={IOP Publishing}
}

@article{stan,
   author = "Bob Carpenter and Andrew Gelman and Matt Hoffman and Daniel Lee and Ben Goodrich and Michael Betancourt and Michael A. Brubaker and Jiqiang Guo and Peter Li and Allen Riddell",
   title = "\pkg{Stan}: A Probabilistic Programming Language.",
   journal = "Journal of Statistical Software, submitted",
   year = "2016",
}

@inproceedings{jags,
  title={\pkg{JAGS}: A Program for Analysis of Bayesian Graphical Models Using Gibbs Sampling},
  author={Plummer, Martyn and others},
  booktitle={Proceedings of the 3rd international workshop on distributed statistical computing},
  volume={124},
  pages={125},
  year={2003},
  organization={Vienna}
}

@inproceedings{julia,
    author = "Jeff Bezanzon and Stefan Karpinski and Viral Shah and Alan Edelman",
    booktitle = "Lang.{NEXT}",
    year = "2012",
    month = apr,
    title = "\proglang{Julia}: A Fast Dynamic Language for Technical Computing",
    url = "http://julialang.org/images/lang.next.pdf"
}


@book{c++11,
  title={The \proglang{C++} Programming Language, Fourth Edition},
  author={Stroustrup, Bjarne},
  year={2013},
  publisher={Pearson Education}
}

@book{gcc,
  title={Using the \pkg{GNU Compiler Collection}},
  author={GCC},
  year={2016},
  publisher={Free Software Foundation},
  url="https://gcc.gnu.org/onlinedocs/gcc/"
}

@article{numpy,
   author = "Walt, Stéfan van der and Colbert, S. Chris and Varoquaux, Gaël",
   title = "The \pkg{NumPy} Array: A Structure for Efficient Numerical Computation",
   journal = "Computing in Science \& Engineering",
   year = "2011",
   volume = "13",
   number = "2", 
   pages = "22-30",
   url = "http://scitation.aip.org/content/aip/journal/cise/13/2/10.1109/MCSE.2011.37",
   doi = "http://dx.doi.org/10.1109/MCSE.2011.37" 
}

@article{matplotlib,
   author = "Hunter, John D.",
   title = "\pkg{Matplotlib}: A 2D Graphics Environment",
   journal = "Computing in Science \& Engineering",
   year = "2007",
   volume = "9",
   number = "3", 
   pages = "90-95",
   url = "http://scitation.aip.org/content/aip/journal/cise/9/3/10.1109/MCSE.2007.55",
   doi = "http://dx.doi.org/10.1109/MCSE.2007.55" 
}

@article{cython,
   author = "Behnel, Stefan and Bradshaw, Robert and Citro, Craig and Dalcin, Lisandro and Seljebotn, Dag Sverre and Smith, Kurt",
   title = "\pkg{Cython}: The Best of Both Worlds",
   journal = "Computing in Science \& Engineering",
   year = "2011",
   volume = "13",
   number = "2", 
   pages = "31-39",
   url = "http://scitation.aip.org/content/aip/journal/cise/13/2/10.1109/MCSE.2010.118",
   doi = "http://dx.doi.org/10.1109/MCSE.2010.118" 
}

@article{baldock2016determining,
  title={Determining Pressure-Temperature Phase Diagrams of Materials},
  author={Baldock, Robert JN and Pártay, Lívia B and Bartók, Albert P and Payne, Michael C and Csányi, Gábor},
  journal={Physical Review B},
  volume={93},
  number={17},
  pages={174108},
  year={2016},
  publisher={APS}
}

@article{brewer2014inference,
  title={Inference for Trans-Dimensional Bayesian Models with Diffusive Nested Sampling},
  author={Brewer, Brendon J},
  journal={arXiv preprint arXiv:1411.3921},
  year={2014}
}

@article{brewer2015fast,
  title={Fast Bayesian Inference for Exoplanet Discovery in Radial Velocity Data},
  author={Brewer, Brendon J and Donovan, Courtney P},
  journal={Monthly Notices of the Royal Astronomical Society},
  volume={448},
  number={4},
  pages={3206--3214},
  year={2015},
  publisher={Oxford University Press}
}

@article{brewer2011diffusive,
  title={Diffusive Nested Sampling},
  author={Brewer, Brendon J and Pártay, Lívia B and Csányi, Gábor},
  journal={Statistics and Computing},
  volume={21},
  number={4},
  pages={649--656},
  year={2011},
  publisher={Springer-Verlag}
}

@inproceedings{caticha2006updating,
  title={Updating Probabilities},
  author={Caticha, Ariel and Giffin, Adom},
  booktitle={Bayesian Inference and Maximum Entropy Methods In Science and Engineering},
  volume={872},
  number={1},
  pages={31--42},
  year={2006},
  organization={AIP Publishing}
}

@article{del2012adaptive,
  title={An Adaptive Sequential Monte Carlo Method for Approximate Bayesian Computation},
  author={Del Moral, Pierre and Doucet, Arnaud and Jasra, Ajay},
  journal={Statistics and Computing},
  volume={22},
  number={5},
  pages={1009--1020},
  year={2012},
  publisher={Springer-Verlag}
}

@article{dybowski2015single,
  title={Single Passage in Mouse Organs Enhances the Survival and Spread of Salmonella enterica},
  author={Dybowski, Richard and Restif, Olivier and Goupy, Alexandre and Maskell, Duncan J and Mastroeni, Piero and Grant, Andrew J},
  journal={Journal of The Royal Society Interface},
  volume={12},
  number={113},
  pages={20150702},
  year={2015},
  publisher={The Royal Society}
}

@article{feroz2009multinest,
  title={\pkg{MultiNest}: An Efficient and Robust Bayesian Inference Tool for Cosmology and Particle Physics},
  author={Feroz, F and Hobson, MP and Bridges, M},
  journal={Monthly Notices of the Royal Astronomical Society},
  volume={398},
  number={4},
  pages={1601--1614},
  year={2009},
  publisher={Oxford University Press}
}

@inproceedings{giffin2007updating,
  title={Updating Probabilities with Data and Moments},
  author={Giffin, Adom and Caticha, Ariel},
  booktitle={Bayesian Inference and Maximum Entropy Methods in Science and Engineering},
  volume={954},
  pages={74--84},
  year={2007}
}

@article{neal2001annealed,
  title={Annealed Importance Sampling},
  author={Neal, Radford M},
  journal={Statistics and Computing},
  volume={11},
  number={2},
  pages={125--139},
  year={2001},
  publisher={Springer-Verlag}
}

@article{hansmann1997parallel,
  title={Parallel Tempering Algorithm for Conformational Studies of Biological Molecules},
  author={Hansmann, Ulrich HE},
  journal={Chemical Physics Letters},
  volume={281},
  number={1},
  pages={140--150},
  year={1997},
  publisher={Elsevier}
}

@article{green1995reversible,
  title={Reversible Jump Markov Chain Monte Carlo Computation and Bayesian Model Determination},
  author={Green, Peter J},
  journal={Biometrika},
  volume={82},
  number={4},
  pages={711--732},
  year={1995},
  publisher={Biometrika Trust}
}

@article{handley2015polychord,
  title={\pkg{POLYCHORD}: Next-Generation Nested Sampling},
  author={Handley, WJ and Hobson, MP and Lasenby, AN},
  journal={Monthly Notices of the Royal Astronomical Society},
  volume={453},
  number={4},
  pages={4384--4398},
  year={2015},
  publisher={Oxford University Press}
}

@article{huppenkothen2015dissecting,
  title={Dissecting Magnetar Variability with Bayesian Hierarchical Models},
  author={Huppenkothen, Daniela and Brewer, Brendon J and Hogg, David W and Murray, Iain and Frean, Marcus and Elenbaas, Chris and Watts, Anna L and Levin, Yuri and Van Der Horst, Alexander J and Kouveliotou, Chryssa},
  journal={The Astrophysical Journal},
  volume={810},
  number={1},
  pages={66},
  year={2015},
  publisher={IOP Publishing}
}

@article{neal2003slice,
  title={Slice Sampling},
  author={Neal, Radford M},
  journal={Annals of statistics},
  pages={705--741},
  year={2003},
  publisher={JSTOR}
}

@book{o2004kendall,
  title={Kendall's Advanced Theory of Statistics, Volume 2B: Bayesian Inference},
  author={O'Hagan, Anthony and Forster, Jonathan J},
  volume={2},
  year={2004},
  publisher={Arnold}
}

@article{pancoast2014modelling,
  title={Modelling Reverberation Mapping Data--I. Improved Geometric and Dynamical Models and Comparison with Cross-Correlation Results},
  author={Pancoast, Anna and Brewer, Brendon J and Treu, Tommaso},
  journal={Monthly Notices of the Royal Astronomical Society},
  volume={445},
  number={3},
  pages={3055--3072},
  year={2014},
  publisher={Oxford University Press}
}

@article{partay2010efficient,
  title={Efficient Sampling of Atomic Configurational Spaces},
  author={Pártay, Lívia B and Bartók, Albert P and Csányi, Gábor},
  journal={The Journal of Physical Chemistry B},
  volume={114},
  number={32},
  pages={10502--10512},
  year={2010},
  publisher={ACS Publications}
}

@article{robert2011lack,
  title={Lack of Confidence in Approximate Bayesian Computation Model Choice},
  author={Robert, Christian P and Cornuet, Jean-Marie and Marin, Jean-Michel and Pillai, Natesh S},
  journal={Proceedings of the National Academy of Sciences},
  volume={108},
  number={37},
  pages={15112--15117},
  year={2011},
  publisher={National Acad Sciences}
}

@book{sivia2006data,
  title={Data Analysis: A Bayesian Tutorial},
  author={Sivia, Devinderjit and Skilling, John},
  year={2006},
  publisher={OUP Oxford}
}

@article{skilling2006nested,
  title={Nested Sampling for General Bayesian Computation},
  author={John Skilling},
  journal={Bayesian analysis},
  volume={1},
  number={4},
  pages={833--859},
  year={2006},
  publisher={International Society for Bayesian Analysis}
}

